
@inproceedings{GreTheWer,
    author = "Benjamin Grégoire and Laurent Théry and Benjamin Werner",
    title = "A computational approach to {P}ocklington certificates in type theory",
    series= {LNCS},
    booktitle ={FLOPS'06},
}

@techreport{kepler,
  author    = {Tobias Nipkow and Gertrud Bauer and Paula Schultz},
  title     = {Flyspeck {I}: {T}ame {G}raphs},
  note      = {Available at \url{http://www.in.tum.de/~nipkow/pubs/Flyspeck/}}
}

@techreport{4color,
  author    = {Georges Gonthier},
  title     = {A computer-checked proof of the {F}our {C}olor {T}heorem},
  note      = {Available \url{http://research.microsoft.com/~gonthier/4colproof.pdf}}
}

@inproceedings{boutin,
    author = "Samuel Boutin",
    title = "{U}sing {R}eflection to {B}uild {E}fficient and {C}ertified {D}ecision {P}rocedures",
    series= {LNCS},
    booktitle ={TACS'97},
    address =      "Sendai, Japan",
    pages = "515-529",
    volume = 1281,
    year = "1997"
}


@article{BarBar,
  author    = {Henk Barendregt and
               Erik Barendsen},
  title     = {Autarkic Computations in Formal Proofs.},
  journal   = {J. Autom. Reasoning},
  volume    = {28},
  number    = {3},
  year      = {2002},
  pages     = {321-336},
  bibsource = {DBLP, http://dblp.uni-trier.de}
}

@article{HarThe,
  author    = {John Harrison and
               Laurent Th{\'e}ry},
  title     = {A Skeptic's Approach to Combining {HOL} and {M}aple},
  journal   = {J. Autom. Reasoning},
  volume    = {21},
  number    = {3},
  year      = {1998},
  pages     = {279-294},
  bibsource = {DBLP, http://dblp.uni-trier.de}
}

@INPROCEEDINGS{Pocklington,

 author  = {Henry C. Pocklington},
 title   = {The determination of the prime or composite nature of large numbers by {F}ermat's theorem},
 journal = {Proceedings of the Cambridge Philosophical Society},
 volume  = {18},
 pages   = {29-30},
 issn    = {0305--0041},
 year    = 1914
}

@Manual{GMP,
  title =        {GNU Multiple Precision Arithmetic Library},
  note =         {http://www.swox.com/gmp/}
}

@Manual{ECM,
  title =        {Elliptic Curve Method Library},
  note =         {http://www.loria.fr/~zimmerma/records/ecmnet.html}
}


@book {MR1878556,
    AUTHOR = {Lang, Serge},
     TITLE = {Algebra},
    SERIES = {Graduate Texts in Mathematics},
    VOLUME = {211},
   EDITION = {third},
 PUBLISHER = {Springer-Verlag},
   ADDRESS = {New York},
      YEAR = {2002},
     PAGES = {xvi+914},
      ISBN = {0-387-95385-X},
   MRCLASS = {00A05 (15-02)},
  MRNUMBER = {MR1878556 (2003e:00003)},
}

@book {MR715603,
    AUTHOR = {Brillhart, John and Lehmer, D. H. and Selfridge, J. L. and
              Tuckerman, Bryant and Wagstaff, Jr., S. S.},
     TITLE = {Factorizations of {$b\sp{n}\pm 1$}},
    SERIES = {Contemporary Mathematics},
    VOLUME = {22},
      NOTE = {$b=2,\,3,\,5,\,6,\,7,\,10,\,11,\,12$ up to high powers},
 PUBLISHER = {American Mathematical Society},
   ADDRESS = {Providence, R.I.},
      YEAR = {1983},
     PAGES = {lxviii+178},
      ISBN = {0-8218-5021-0},
   MRCLASS = {10A25 (10-04)},
  MRNUMBER = {MR715603 (84k:10005)},
MRREVIEWER = {Duncan A. Buell},
}
@article {Pollard,
    AUTHOR = {Pollard, J. M.},
     TITLE = {A {M}onte {C}arlo method for factorization},
   JOURNAL = {Nordisk Tidskr. Informationsbehandling (BIT)},
    VOLUME = {15},
      YEAR = {1975},
    NUMBER = {3},
     PAGES = {331--334},
   MRCLASS = {10A25},
  MRNUMBER = {MR0392798 (52 \#13611)},
MRREVIEWER = {S. A. Burr},
}
@INPROCEEDINGS{GreLer,
 AUTHOR = {Benjamin Gr{\'e}goire and Xavier Leroy},
 TITLE = {A compiled implementation of strong reduction},
 BOOKTITLE = {International Conference on Functional Programming 2002},
 PAGES = {235-246},
 PUBLISHER = {ACM Press},
 YEAR = 2002
}


@TECHREPORT{Coq,
  author =       {{The {C}oq development team}},
  title =        {{T}he {C}oq {P}roof {A}ssistant {R}eference {M}anual V7.2},
  institution =  {INRIA},
  number =       {255},
  month =        {Mars},
  note=           {Available at \url{http://coq.inria.fr/doc}},
  year =         {2002}
}

@inproceedings{Boutin97,
  author    = {Samuel Boutin},
  title     = {Using Reflection to Build Efficient and Certified Decision
               Procedures.},
  booktitle = {TACS},
  year      = {1997},
  pages     = {515-529},
  bibsource = {DBLP, http://dblp.uni-trier.de}
}




@article{Caprotti_Oostdijk:01pockjsc,
   author      = {Olga Caprotti and
                  Martijn Oostdijk},
   title       = {Formal and efficient primality proofs
                  by use of Computer Algebra oracles},
   journal     = {Journal of Symbolic Computation},
   publisher   = {Academic Press},
   volume      = 32,
   number      = {1/2},
   editor      = {T. Recio and M. Kerber},
   pages       = {55--70},
   month       = jul,
   year        = 2001
}

@article{lehmer,
	author={J. Brillhart and D. H. Lehmer and J. L. Selfridge},
	title={New primality criteria and factorizations of $2^m \pm 1$},
	journal= {Mathematics of Computation},
	volume= 29,
	year= 1975,
	pages={620--647},
	mrnumber={52 \#5546},
}
